01REMESSA01COBRANCA       0118800006847127767                               748SICREDI        20140330        0000028                                                                                                                                                                                                                                                                                 2.00000001
1AAA            AAA                                           20140330 S A0000    00000000000000            01 0 0 0 0 11504140000000065000         AN010414000000000000001540000000000000000000000000000000000000000000001000012070187837CAETANO LOPES                           AV. 09, 186 - CENTRO                    00000000000 131400000000000000000000000                                         000002
9174801188                                                                                                                                                                                                                                                                                                                                                                                                000003
