01REMESSA01COBRANCA       0118800006847127767                               748SICREDI        20140527        0000016                                                                                                                                                                                                                                                                                 2.00000001
1AAA            AAA                                           20140527 S A0000    00000000000000            01 0 0 0 0 50805140000000015000         AN080514000000000000002600000000000000000000000000000000000000000000001000008347445621Dennis Henrique Rocha Alves             RUA DOIS, Número 1782-A, Jardim Santa Ri00000000000 146200000000000000000000000                                         000002
9174801188                                                                                                                                                                                                                                                                                                                                                                                                000003
